@inproceedings{bontempi2020learning,
  title={Learning causal dependencies in large-variate time series},
  author={Bontempi, Gianluca},
  booktitle={2020 International Joint Conference on Neural Networks (IJCNN)},
  pages={1--7},
  year={2020},
  organization={IEEE}
}

@article{bontempi2015dependency,
  title={From dependency to causality: a machine learning approach.},
  author={Bontempi, Gianluca and Flauder, Maxime},
  journal={J. Mach. Learn. Res.},
  volume={16},
  number={1},
  pages={2437--2457},
  year={2015}
}

@inproceedings{pamfil2020dynotears,
  title={Dynotears: Structure learning from time-series data},
  author={Pamfil, Roxana and Sriwattanaworachai, Nisara and Desai, Shaan and Pilgerstorfer, Philip and Georgatzis, Konstantinos and Beaumont, Paul and Aragam, Bryon},
  booktitle={International Conference on Artificial Intelligence and Statistics},
  pages={1595--1605},
  year={2020},
  organization={Pmlr}
}

@article{shojaie2022granger,
  title={Granger causality: A review and recent advances},
  author={Shojaie, Ali and Fox, Emily B},
  journal={Annual Review of Statistics and Its Application},
  volume={9},
  number={1},
  pages={289--319},
  year={2022},
  publisher={Annual Reviews}
}

@article{diks2016nonlinear,
  title={Nonlinear granger causality: Guidelines for multivariate analysis},
  author={Diks, Cees and Wolski, Marcin},
  journal={Journal of Applied Econometrics},
  volume={31},
  number={7},
  pages={1333--1351},
  year={2016},
  publisher={Wiley Online Library}
}

@article{ahmad2022causal,
  title={Causal discovery using model invariance through knockoff interventions},
  author={Ahmad, Wasim and Shadaydeh, Maha and Denzler, Joachim},
  journal={arXiv preprint arXiv:2207.04055},
  year={2022}
}

@article{akinwande2024acceleratedlingam,
  title={AcceleratedLiNGAM: Learning Causal DAGs at the speed of GPUs},
  author={Akinwande, Victor and Kolter, J Zico},
  journal={arXiv preprint arXiv:2403.03772},
  year={2024}
}

@inproceedings{weichwald2020causal,
  title={Causal structure learning from time series: Large regression coefficients may predict causal links better in practice than small p-values},
  author={Weichwald, Sebastian and Jakobsen, Martin E and Mogensen, Phillip B and Petersen, Lasse and Thams, Nikolaj and Varando, Gherardo},
  booktitle={NeurIPS 2019 Competition and Demonstration Track},
  pages={27--36},
  year={2020},
  organization={PMLR}
}

@article{krich2020estimating,
  title={Estimating causal networks in biosphere--atmosphere interaction with the PCMCI approach},
  author={Krich, Christopher and Runge, Jakob and Miralles, Diego G and Migliavacca, Mirco and Perez-Priego, Oscar and El-Madany, Tarek and Carrara, Arnaud and Mahecha, Miguel D},
  journal={Biogeosciences},
  volume={17},
  number={4},
  pages={1033--1061},
  year={2020},
  publisher={Copernicus Publications G{\"o}ttingen, Germany}
}

@mastersthesis{chang2021multivariate,
  title={Multivariate Time Series Data Causal Discovery},
  author={Chang, Bo Yuan},
  year={2021},
  school={University of Waterloo}
}

@article{assaad2022survey,
  title={Survey and evaluation of causal discovery methods for time series},
  author={Assaad, Charles K and Devijver, Emilie and Gaussier, Eric},
  journal={Journal of Artificial Intelligence Research},
  volume={73},
  pages={767--819},
  year={2022}
}

@book{pearl2016causal,
  title={Causal inference in statistics: A primer},
  author={Pearl, Judea and Glymour, Madelyn and Jewell, Nicholas P},
  year={2016},
  publisher={John Wiley \& Sons}
}

@book{molak2023causal,
  title={Causal Inference and Discovery in Python: Unlock the secrets of modern causal machine learning with DoWhy, EconML, PyTorch and more},
  author={Molak, Aleksander},
  year={2023},
  publisher={Packt Publishing Ltd}
}

@article{moneta2013causal,
  title={Causal inference by independent component analysis: Theory and applications},
  author={Moneta, Alessio and Entner, Doris and Hoyer, Patrik O and Coad, Alex},
  journal={Oxford Bulletin of Economics and Statistics},
  volume={75},
  number={5},
  pages={705--730},
  year={2013},
  publisher={Wiley Online Library}
}

@article{shimizu2006linear,
  title={A linear non-Gaussian acyclic model for causal discovery.},
  author={Shimizu, Shohei and Hoyer, Patrik O and Hyv{\"a}rinen, Aapo and Kerminen, Antti and Jordan, Michael},
  journal={Journal of Machine Learning Research},
  volume={7},
  number={10},
  year={2006}
}

@article{hyvarinen2010estimation,
  title={Estimation of a structural vector autoregression model using non-gaussianity.},
  author={Hyv{\"a}rinen, Aapo and Zhang, Kun and Shimizu, Shohei and Hoyer, Patrik O},
  journal={Journal of Machine Learning Research},
  volume={11},
  number={5},
  year={2010}
}


@InProceedings{pmlr-v124-runge20a,
  title = 	 {Discovering contemporaneous and lagged causal relations in autocorrelated nonlinear time series datasets},
  author =       {Runge, Jakob},
  booktitle = 	 {Proceedings of the 36th Conference on Uncertainty in Artificial Intelligence (UAI)},
  pages = 	 {1388--1397},
  year = 	 {2020},
  editor = 	 {Peters, Jonas and Sontag, David},
  volume = 	 {124},
  series = 	 {Proceedings of Machine Learning Research},
  month = 	 {03--06 Aug},
  publisher =    {PMLR}
}

@inproceedings{lopez2015towards,
  title={Towards a learning theory of cause-effect inference},
  author={Lopez-Paz, David and Muandet, Krikamol and Sch{\"o}lkopf, Bernhard and Tolstikhin, Iliya},
  booktitle={International Conference on Machine Learning},
  pages={1452--1461},
  year={2015},
  organization={PMLR}
}

@article{peyrot1996causal,
  title={Causal analysis: Theory and application},
  author={Peyrot, Mark},
  journal={Journal of Pediatric Psychology},
  volume={21},
  number={1},
  pages={3--24},
  year={1996},
  publisher={Oxford University Press}
}

@book{pearl2009causality,
  title={Causality},
  author={Pearl, Judea},
  year={2009},
  publisher={Cambridge university press}
}

@book{marwala2015causality,
  title={Causality, correlation and artificial intelligence for rational decision making},
  author={Marwala, Tshilidzi},
  year={2015},
  publisher={World Scientific}
}

@article{pearl2022causal,
  title={Causal Inference: history, perspectives, adventures, and unification (an interview with Judea Pearl)},
  author={Pearl, Judea},
  journal={Observational Studies},
  volume={8},
  number={2},
  pages={23--36},
  year={2022},
  publisher={University of Pennsylvania Press}
}

@article{hasan2023survey,
  title={A survey on causal discovery methods for iid and time series data},
  author={Hasan, Uzma and Hossain, Emam and Gani, Md Osman},
  journal={arXiv preprint arXiv:2303.15027},
  year={2023}
}

@article{zanga2022survey,
  title={A survey on causal discovery: theory and practice},
  author={Zanga, Alessio and Ozkirimli, Elif and Stella, Fabio},
  journal={International Journal of Approximate Reasoning},
  volume={151},
  pages={101--129},
  year={2022},
  publisher={Elsevier}
}

@article{guo2020survey,
  title={A survey of learning causality with data: Problems and methods},
  author={Guo, Ruocheng and Cheng, Lu and Li, Jundong and Hahn, P Richard and Liu, Huan},
  journal={ACM Computing Surveys (CSUR)},
  volume={53},
  number={4},
  pages={1--37},
  year={2020},
  publisher={ACM New York, NY, USA}
}

@book{lutkepohl2005new,
  title={New introduction to multiple time series analysis},
  author={L{\"u}tkepohl, Helmut},
  year={2005},
  publisher={Springer Science \& Business Media}
}

@incollection{kilian2013structural,
  title={Structural vector autoregressions},
  author={Kilian, Lutz},
  booktitle={Handbook of research methods and applications in empirical macroeconomics},
  pages={515--554},
  year={2013},
  publisher={Edward Elgar Publishing}
}

@book{kilian2017structural,
  title={Structural vector autoregressive analysis},
  author={Kilian, Lutz and L{\"u}tkepohl, Helmut},
  year={2017},
  publisher={Cambridge University Press}
}

@book{pearl1988probabilistic,
  title={Probabilistic reasoning in intelligent systems: networks of plausible inference},
  author={Pearl, Judea},
  year={1988},
  publisher={Morgan kaufmann}
}

@inproceedings{runge2020discovering,
  title={Discovering contemporaneous and lagged causal relations in autocorrelated nonlinear time series datasets},
  author={Runge, Jakob},
  booktitle={Conference on Uncertainty in Artificial Intelligence},
  pages={1388--1397},
  year={2020},
  organization={Pmlr}
}

@article{bystrova2024causal,
  title={Causal discovery from time series with hybrids of constraint-based and noise-based algorithms},
  author={Bystrova, Daria and Assaad, Charles and Arbel, Julyan and Devijver, Emilie and Gaussier, {\'E}ric and Thuiller, Wilfried},
  journal={Transactions on Machine Learning Research Journal},
  year={2024}
}